@STRING(PRL="Phys. Rev. Lett.")
@STRING(RMP="Rev. Mod. Phys.")

@ARTICLE{klitzing:qhe,
   AUTHOR="K. v. Klitzing and G. Dorda and M. Pepper",
   TITLE="New method for high accuracy determination of fine structure
            constant based on quantized hall resistance",
   JOURNAL=PRL,
   VOLUME=45,
   PAGES=494,
   YEAR=1980
}

@ARTICLE{klitzing:nobel,
   AUTHOR="Klaus von Klitzing",
   TITLE="The Quantized Hall Effect",
   JOURNAL=RMP,
   VOLUME=58,
   PAGES=519,
   YEAR=1986
}
